@book{NavieStosa1,
    title = {Уравнения Навье-Стокса. Теория и численный анализ.},
    author = {Темам, Р},
    pages={409},
    address = {Москва},
    year = 1987
}
